

@incollection{fortigate:deepinspection,
  author    = {FORTINET},
  booktitle = {FortiOS - Administration Guide},
  title     = {Security Profiles},
  year      = {2021},
  month     = {June},
  chapter   = {9},
  pages     = {1026--1029},
  url       = {http://docs.freebsd.org/en/books/handbook/usb-device-mode/}
}

@incollection{freebsdhb:usb,
  author    = {The FreeBSD Documentation Project},
  booktitle = {FreeBSD Handbook},
  title     = {Chapter 28.USB Device Mode/USB OTG},
  year      = {2023},
  month     = {July},
  chapter   = {28},
  url       = {http://docs.freebsd.org/en/books/handbook/usb-device-mode/}
}

@incollection{pyton:ssl,
  author    = {Python Software Foundation},
  booktitle = {Python 3.12.1 documentation},
  title     = {ssl - TLS/SSL wrapper for socket objects},
  year      = {2023},
  month     = {December},
  url       = {http://docs.freebsd.org/en/books/handbook/usb-device-mode/}
}

@comment {https://datatracker.ietf.org/doc/html/draft-carpenter-rfc-citation-recs-01}

@techreport{rfc:bstprc,
  author      = {Yaron Sheffer and Peter Saint-Andre and Thomas Fossati},
  title       = {Recommendations for Secure Use of Transport Layer Security (TLS) and Datagram Transport Layer Security (DTLS)},
  howpulished = {Internet Request for Comments},
  type        = {{RFC}},
  number      = 9325,
  year        = {2022},
  month       = {November},
  issn        = {2070-1721},
  publisher   = {{RFC Editor}},
  institution = {{RFC Editor}},
  url         = {https://www.rfc-editor.org/rfc/rfc6176}
}

@techreport{rfc:nossl2,
  author      = {Sean Turner and Tim Polk},
  title       = {Prohbiting Secure Socket Layer (SSL) Version 2.0},
  howpulished = {Internet Request for Comments},
  type        = {{RFC}},
  number      = 6176,
  year        = {2011},
  month       = {March},
  issn        = {2070-1721},
  publisher   = {{RFC Editor}},
  institution = {{RFC Editor}},
  url         = {https://www.rfc-editor.org/rfc/rfc6176}
}

@techreport{rfc:notls11,
  author      = {Kathleen Moriarty and Stephen Farrell},
  title       = {Deprecating TLS 1.0 and TLS 1.1},
  howpulished = {Internet Request for Comments},
  type        = {{RFC}},
  number      = 8996,
  year        = {2021},
  month       = {March},
  issn        = {2070-1721},
  publisher   = {{RFC Editor}},
  institution = {{RFC Editor}},
  url         = {https://www.rfc-editor.org/rfc/rfc8996}
}

@techreport{rfc:doh8,
  author      = {Paul Hoffman and Patrick McManus},
  title       = {{DNS Queries over HTTPS (DoH)}},
  howpulished = {Internet Request for Comments},
  type        = {{RFC}},
  number      = 8484,
  year        = {2018},
  month       = {October},
  issn        = {2070-1721},
  publisher   = {{RFC Editor}},
  institution = {{RFC Editor}},
  url         = {https://www.rfc-editor.org/rfc/rfc8484}
}

@inproceedings{ntp:attack,
  author    = {Jonghoon Kwon and Jeonggyu Song and Junbeom Hur and Adrian Perrig},
  title     = {Did the Shark Eat the Watchdog in the NTP Pool? Deceiving the NTP Poolâ€™s Monitoring System},
  booktitle = {USENIX Security'23},
  year      = {2023},
  month     = {August},
  series    = {USENIX Security Symposium},
  publisher = {USENIX},
  url       = {https://www.usenix.org/system/files/usenixsecurity23-kwon.pdf}
}

@inproceedings{osandtether,
  author    = {Yi-Chao Chen and Yong Liao and Mario Baldi and Sung-Ju Lee and Lili Qiu},
  title     = {OS Fingerprinting and Tethering Detection in Mobile Networks},
  booktitle = {IMC '143: Proceedings of the 2014 Conference on Internet Measurement Conference},
  month     = {November},
  year      = {2014},
  pages     = {173--180},
  doi       = {https://doi.org/10.1145/2663716.2663745},
  publisher = {Association for Computing Machinery},
  address   = {New York, NY, United States}
}

@article{bbggs:iet07,
  author    = {L. Baresi and D. Bianculli and C. Ghezzi and S. Guinea and P. Spoletini},
  title     = {Validation of web service compositions},
  publisher = {IET},
  year      = {2007},
  journal   = {IET Software},
  volume    = {1},
  number    = {6},
  pages     = {219--232},
  url       = {http://link.aip.org/link/?SEN/1/219/1},
  doi       = {10.1049/iet-sen:20070027}
}

@inproceedings{bjbgf:icsoc07,
  author    = {Domenico Bianculli and Radu Jorca and Walter Binder and Carlo Ghezzi and
               Boi Faltings},
  title     = {Automated Dynamic Maintenance of Composite Services
               based on Service Reputation},
  booktitle = {Proceedings of ICSOC'07, International Conference on Service-Oriented Computing},
  year      = 2007,
  month     = {September},
  pages     = {449--455},
  volume    = 4749,
  series    = {Lecture Notes in Computer Science},
  publisher = {Springer-Verlag}
}

@inproceedings{bg:soswe07,
  author    = {Domenico Bianculli and Carlo Ghezzi},
  title     = {Monitoring Conversational Web Services},
  booktitle = {Proceedings of the 2nd International Workshop on Service-Oriented Software Engineering (IW-SOSWE'07), co-located with ESEC/FSE 2007},
  year      = 2007,
  month     = {September},
  pages     = {15--21},
  address   = {New York, NY, USA},
  publisher = {ACM Press}
}

@inproceedings{BSMPS:FSEN07,
  author    = {Domenico Bianculli and Paola Spoletini and Angelo Morzenti and Matteo Pradella and Pierluigi {San Pietro}},
  title     = {Model checking temporal metric specification with {Trio2Promela}},
  booktitle = {Proceedings of International Symposium on Fundamentals of Software Engineering (FSEN 2007)},
  publisher = {Springer Verlag},
  series    = {Lecture Notes in Computer Science},
  year      = 2007,
  pages     = {388--395},
  volume    = 4767,
  month     = {April}
}

@inproceedings{bmpss:icse07,
  author    = {Domenico Bianculli  and Angelo Morzenti and Matteo Pradella and  San Pietro, Pierluigi and   Paola Spoletini},
  title     = {{Trio2Promela}: a Model Checker for Temporal Metric Specifications},
  booktitle = {29th International Conference on Software Engineering (ICSE'07 Companion)},
  month     = {May},
  year      = {2007},
  location  = {Minneapolis, MN},
  note      = {Research Demo.},
  isbn      = {0-7695-2892-9},
  pages     = {61--62},
  doi       = {http://doi.ieeecomputersociety.org/10.1109/ICSECOMPANION.2007.79},
  publisher = {IEEE Computer Society},
  address   = {Los Alamitos, CA, USA}
}

@inproceedings{bgs:soca07,
  author    = {Domenico Bianculli and Carlo Ghezzi and Paola Spoletini},
  title     = {A model checking approach to verify {BPEL4WS} workflows},
  booktitle = {{Proceedings of the 2007 IEEE International Conference on Service-Oriented Computing and Applications (IEEE SOCA 2007)}},
  month     = JUN,
  year      = 2007,
  publisher = {IEEE Computer Society Press},
  pages     = {13--20}
}

@inproceedings{bbggs:icws2007,
  author    = {Luciano Baresi and Domenico Bianculli and Carlo Ghezzi and Sam Guinea and Paola Spoletini},
  title     = {A Timed extension of {WSCoL}},
  booktitle = {Proceedings of the IEEE International Conference on Web Services (ICWS 2007)},
  month     = {July},
  year      = {2007},
  location  = {Salt Lake City, Utah},
  publisher = {IEEE Computer Society Press},
  pages     = {663--670}
}

@book{annabook,
  author    = {David C. Luckham and Friedrich W. von Henke and Bernd Krieg-Brueckner and Olaf Owe},
  title     = {{ANNA}: a language for annotating Ada programs},
  year      = {1987},
  isbn      = {0-387-17980-1},
  publisher = {Springer-Verlag},
  address   = {New York, NY, USA}
}

@unpublished{bpelspec,
  author = {Andrews, Tony and Curbera, Francisco and Dholakia,
            Hitesh and Goland, Yaron and Klein, Johannes and
            Leymann, Frank and Liu, Kevin and Roller, Dieter and
            Smith, Doug and Thatte, Satish and Trickovic, Ivana
            and Weerawarana, Sanjiva},
  title  = {{Business Process Execution Language for Web
            Services, Version 1.1}},
  month  = may,
  year   = 2003,
  note   = {BPEL4WS specification}
}